<record><leader>00000cas a2200000 a 4500</leader><controlfield tag="001">28818849</controlfield><controlfield tag="008">930914d18841992iluwr ne      0   a0eng c</controlfield><datafield ind1=" " ind2=" " tag="010"><subfield code="a">sn 93055732 </subfield></datafield><datafield ind1=" " ind2=" " tag="040"><subfield code="a">NVF</subfield><subfield code="b">eng</subfield><subfield code="c">NVF</subfield><subfield code="d">DLC</subfield><subfield code="d">NVF</subfield><subfield code="d">DLC</subfield><subfield code="d">OCLCF</subfield><subfield code="d">OCLCO</subfield><subfield code="d">NVF</subfield></datafield><datafield ind1=" " ind2=" " tag="042"><subfield code="a">pcc</subfield></datafield><datafield ind1=" " ind2=" " tag="043"><subfield code="a">n-us-il</subfield></datafield><datafield ind1="0" ind2=" " tag="130"><subfield code="a">Cuba journal (Cuba, Ill.)</subfield></datafield><datafield ind1="0" ind2="0" tag="245"><subfield code="a">Cuba journal.</subfield></datafield><datafield ind1="1" ind2=" " tag="246"><subfield code="i">Published as:</subfield><subfield code="a">Cuba journal-press</subfield><subfield code="f">Dec. 14-28, 1894</subfield></datafield><datafield ind1="1" ind2=" " tag="246"><subfield code="i">Also called:</subfield><subfield code="a">Press</subfield><subfield code="f">Dec. 14, 1894-Jan. 4, 1895</subfield></datafield><datafield ind1="3" ind2=" " tag="246"><subfield code="a">Cuba journal press</subfield></datafield><datafield ind1=" " ind2=" " tag="250"><subfield code="a">Weekend ed.</subfield></datafield><datafield ind1=" " ind2=" " tag="260"><subfield code="a">Cuba, Ill. :</subfield><subfield code="b">J.C. Thomas,</subfield><subfield code="c">1884-1992.</subfield></datafield><datafield ind1=" " ind2=" " tag="300"><subfield code="a">v.</subfield></datafield><datafield ind1=" " ind2=" " tag="310"><subfield code="a">Weekly</subfield></datafield><datafield ind1="0" ind2=" " tag="362"><subfield code="a">Vol. 1, no. 1 (Aug. 28, 1884)-107th year, no. 47 (Aug. 27, 1992).</subfield></datafield><datafield ind1=" " ind2=" " tag="515"><subfield code="a">Issue for Jan. 1, 1885 erroneously designated as 1884.</subfield></datafield><datafield ind1=" " ind2=" " tag="515"><subfield code="a">Dec. 14, 1894-Jan. 4, 1895 called also Press, v. 4, no. 41-no. 44.</subfield></datafield><datafield ind1=" " ind2=" " tag="580"><subfield code="a">Other weekly eds.: Lewistown news (Lewistown, Ill. : 1957), 1957-1968, and: Fulton County news (Lewistown, Ill.), 1968-1977, and: Spoon River sentinel, &lt;1974&gt;-1975.</subfield></datafield><datafield ind1=" " ind2="0" tag="651"><subfield code="a">Cuba (Ill.)</subfield><subfield code="v">Newspapers.</subfield></datafield><datafield ind1=" " ind2="7" tag="651"><subfield code="a">Illinois</subfield><subfield code="z">Cuba.</subfield><subfield code="2">fast</subfield><subfield code="0">(OCoLC)fst01883500</subfield></datafield><datafield ind1=" " ind2="7" tag="655"><subfield code="a">Newspapers.</subfield><subfield code="2">fast</subfield><subfield code="0">(OCoLC)fst01423814</subfield></datafield><datafield ind1=" " ind2=" " tag="752"><subfield code="a">United States</subfield><subfield code="b">Illinois</subfield><subfield code="c">Fulton</subfield><subfield code="d">Cuba.</subfield></datafield><datafield ind1="1" ind2=" " tag="775"><subfield code="t">Lewistown news (Lewistown, Ill. : 1957)</subfield><subfield code="w">(DLC)sn 93055728</subfield><subfield code="w">(OCoLC)28816120</subfield></datafield><datafield ind1="1" ind2=" " tag="775"><subfield code="t">Fulton County news (Lewistown, Ill.)</subfield><subfield code="w">(DLC)sn 93055729</subfield><subfield code="w">(OCoLC)28816213</subfield></datafield><datafield ind1="0" ind2=" " tag="775"><subfield code="t">Canton community sentinel</subfield></datafield><datafield ind1="1" ind2=" " tag="775"><subfield code="t">Spoon River sentinel</subfield><subfield code="w">(DLC)sn 93055730</subfield><subfield code="w">(OCoLC)28818383</subfield></datafield><datafield ind1="0" ind2="5" tag="780"><subfield code="t">Peoples press (Cuba, Ill.)</subfield><subfield code="w">(DLC)sn 93055731</subfield><subfield code="w">(OCoLC)28818680</subfield></datafield><datafield ind1="0" ind2="5" tag="780"><subfield code="t">Smithfield news</subfield></datafield><datafield ind1="0" ind2="4" tag="785"><subfield code="t">Fulton Democrat (Lewistown, Ill. : 1884)</subfield><subfield code="w">(DLC)sn 93055733</subfield><subfield code="w">(OCoLC)28819102</subfield></datafield><datafield ind1="1" ind2=" " tag="029"><subfield code="a">AU@</subfield><subfield code="b">000021386368</subfield></datafield></record>